@article{Jiao2004,
  doi = {10.1002/nme.1147},
  url = {https://doi.org/10.1002/nme.1147},
  year = {2004},
  publisher = {Wiley},
  volume = {61},
  number = {14},
  pages = {2402--2427},
  author = {Xiangmin Jiao and Michael T. Heath},
  title = {{Common-refinement-based data transfer between non-matching meshes in multiphysics simulations}},
  journal = {International Journal for Numerical Methods in Engineering}
}
